

@InProceedings{cohen_et_al:LIPIcs:2020:12356,
  author =	{Cyril Cohen and Kazuhiko Sakaguchi and Enrico Tassi},
  title =	{{Hierarchy Builder: Algebraic hierarchies Made Easy in Coq with Elpi (System Description)}},
  booktitle =	{5th International Conference on Formal Structures for Computation and Deduction (FSCD 2020)},
  pages =	{34:1--34:21},
  series =	{Leibniz International Proceedings in Informatics (LIPIcs)},
  ISBN =	{978-3-95977-155-9},
  ISSN =	{1868-8969},
  year =	{2020},
  volume =	{167},
  OPTeditor =	{Zena M. Ariola},
  publisher =	{Schloss Dagstuhl--Leibniz-Zentrum f{\"u}r Informatik},
  address =	{Dagstuhl, Germany},
  URL =		{https://drops.dagstuhl.de/opus/volltexte/2020/12356},
  URN =		{urn:nbn:de:0030-drops-123562},
  doi =		{10.4230/LIPIcs.FSCD.2020.34},
  annote =	{Keywords: Algebraic Hierarchy, Packed Classes, Coq, Elpi, Metaprogramming, Î»Prolog}
}

@inproceedings{affeldt:hal-02463336,
  TITLE = {{Competing inheritance paths in dependent type theory: a case study in functional analysis}},
  AUTHOR = {Affeldt, Reynald and Cohen, Cyril and Kerjean, Marie and Mahboubi, Assia and Rouhling, Damien and Sakaguchi, Kazuhiko},
  URL = {https://hal.inria.fr/hal-02463336},
  BOOKTITLE = {{IJCAR 2020 - International Joint Conference on Automated Reasoning}},
  ADDRESS = {Paris, France},
  PAGES = {1-19},
  YEAR = {2020},
  MONTH = Jun,
  KEYWORDS = {Formalization of mathematics ; Dependent type theory ; Packed classes ; Coq},
  PDF = {https://hal.inria.fr/hal-02463336v2/file/ijcar%20%281%29.pdf},
  HAL_ID = {hal-02463336},
  HAL_VERSION = {v2},
}